@misc{USGS,
year = "2016",
title = "{USGS} EarthExplorer",
url = "http://earthexplorer.usgs.gov",
institution = "U.S. Department of the Interior U.S. Geological Survey"}
